

@Article{luber2011place,
  title={Place-dependent people tracking},
  author={Luber, Matthias and Diego Tipaldi, Gian and Arras, Kai O},
  journal={The International Journal of Robotics Research},
  volume={30},
  number={3},
  pages={280--293},
  year={2011},
  publisher={SAGE Publications Sage UK: London, England}
}

@article{wang2015model,
  title={Model-free detection and tracking of dynamic objects with 2D lidar},
  author={Wang, Dominic Zeng and Posner, Ingmar and Newman, Paul},
  journal={The International Journal of Robotics Research},
  volume={34},
  number={7},
  pages={1039--1063},
  year={2015},
  publisher={SAGE Publications Sage UK: London, England}
}

@article{coue2006bayesian,
  title={Bayesian occupancy filtering for multitarget tracking: an automotive application},
  author={Cou{\'e}, Christophe and Pradalier, C{\'e}dric and Laugier, Christian and Fraichard, Thierry and Bessi{\`e}re, Pierre},
  journal={The International Journal of Robotics Research},
  volume={25},
  number={1},
  pages={19--30},
  year={2006},
  publisher={Sage Publications Sage CA: Thousand Oaks, CA}
}

@inproceedings{moravec1985high,
  title={High resolution maps from wide angle sonar},
  author={Moravec, Hans and Elfes, Alberto},
  booktitle={Robotics and Automation. Proceedings. 1985 IEEE International Conference on},
  volume={2},
  pages={116--121},
  year={1985},
  organization={IEEE}
}

@inproceedings{meyer2012occupancy,
  title={Occupancy Grid Models for Robot Mapping in Changing Environments.},
  author={Meyer-Delius, Daniel and Beinhofer, Maximilian and Burgard, Wolfram},
  booktitle={AAAI},
  year={2012}
}

@inproceedings{wang2014modeling,
  title={Modeling motion patterns of dynamic objects by IOHMM},
  author={Wang, Zhan and Ambrus, Rares and Jensfelt, Patric and Folkesson, John},
  booktitle={Intelligent Robots and Systems (IROS 2014), 2014 IEEE/RSJ International Conference on},
  pages={1832--1838},
  year={2014},
  organization={IEEE}
}

@inproceedings{kucner2013conditional,
  title={Conditional transition maps: Learning motion patterns in dynamic environments},
  author={Kucner, Tomasz and Saarinen, Jari and Magnusson, Martin and Lilienthal, Achim J},
  booktitle={Intelligent Robots and Systems (IROS), 2013 IEEE/RSJ International Conference on},
  pages={1196--1201},
  year={2013},
  organization={IEEE}
}

@inproceedings{liao2003voronoi,
  title={Voronoi tracking: Location estimation using sparse and noisy sensor data},
  author={Liao, Lin and Fox, Dieter and Hightower, Jeffrey and Kautz, Henry and Schulz, Dirk},
  booktitle={Intelligent Robots and Systems, 2003.(IROS 2003). Proceedings. 2003 IEEE/RSJ International Conference on},
  volume={1},
  pages={723--728},
  year={2003},
  organization={IEEE}
}

@inproceedings{bruce2004better,
  title={Better motion prediction for people-tracking},
  author={Bruce, Allison and Gordon, Geoffrey},
  booktitle={Proc. of the Int. Conf. on Robotics \& Automation (ICRA), Barcelona, Spain},
  year={2004}
}

@inproceedings{montemerlo2002conditional,
  title={Conditional particle filters for simultaneous mobile robot localization and people-tracking},
  author={Montemerlo, Michael and Thrun, Sebastian and Whittaker, William},
  booktitle={Robotics and Automation, 2002. Proceedings. ICRA'02. IEEE International Conference on},
  volume={1},
  pages={695--701},
  year={2002},
  organization={IEEE}
}

@inproceedings{meier1999using,
  title={Using the condensation algorithm to implement tracking for mobile robots},
  author={Meier, Esther B and Ade, Frank},
  booktitle={Advanced Mobile Robots, 1999.(Eurobot'99) 1999 Third European Workshop on},
  pages={73--80},
  year={1999},
  organization={IEEE}
}

@inproceedings{moravec1985high,
  title={High resolution maps from wide angle sonar},
  author={Moravec, Hans and Elfes, Alberto},
  booktitle={Robotics and Automation. Proceedings. 1985 IEEE International Conference on},
  volume={2},
  pages={116--121},
  year={1985},
  organization={IEEE}
}

@article{gauvrit1997formulation,
  title={A formulation of multitarget tracking as an incomplete data problem},
  author={Gauvrit, Herv{\'e} and Le Cadre, Jean-Pierre and Jauffret, Claude},
  journal={IEEE Transactions on Aerospace and Electronic Systems},
  volume={33},
  number={4},
  pages={1242--1257},
  year={1997},
  publisher={IEEE}
}

@article{gauvrit1997formulation,
  title={A formulation of multitarget tracking as an incomplete data problem},
  author={Gauvrit, Herv{\'e} and Le Cadre, Jean-Pierre and Jauffret, Claude},
  journal={IEEE Transactions on Aerospace and Electronic Systems},
  volume={33},
  number={4},
  pages={1242--1257},
  year={1997},
  publisher={IEEE}
}

@inproceedings{gindele2009bayesian,
  title={Bayesian occupancy grid filter for dynamic environments using prior map knowledge},
  author={Gindele, Tobias and Brechtel, Sebastian and Schroder, Joachim and Dillmann, Rudiger},
  booktitle={Intelligent Vehicles Symposium, 2009 IEEE},
  pages={669--676},
  year={2009},
  organization={IEEE}
}

@inproceedings{brechtel2010recursive,
  title={Recursive importance sampling for efficient grid-based occupancy filtering in dynamic environments},
  author={Brechtel, Sebastian and Gindele, Tobias and Dillmann, R{\"u}diger},
  booktitle={Robotics and Automation (ICRA), 2010 IEEE International Conference on},
  pages={3932--3938},
  year={2010},
  organization={IEEE}
}

@article{llamazares2013dynamic,
  title={Dynamic obstacle avoidance using bayesian occupancy filter and approximate inference},
  author={Llamazares, Angel and Ivan, Vladimir and Molinos, Eduardo and Ocana, Manuel and Vijayakumar, Sethu},
  journal={Sensors},
  volume={13},
  number={3},
  pages={2929--2944},
  year={2013},
  publisher={Multidisciplinary Digital Publishing Institute}
}

@article{russakovsky2015imagenet,
  title={Imagenet large scale visual recognition challenge},
  author={Russakovsky, Olga and Deng, Jia and Su, Hao and Krause, Jonathan and Satheesh, Sanjeev and Ma, Sean and Huang, Zhiheng and Karpathy, Andrej and Khosla, Aditya and Bernstein, Michael and others},
  journal={International Journal of Computer Vision},
  volume={115},
  number={3},
  pages={211--252},
  year={2015},
  publisher={Springer}
}

@inproceedings{he2016deep,
  title={Deep residual learning for image recognition},
  author={He, Kaiming and Zhang, Xiangyu and Ren, Shaoqing and Sun, Jian},
  booktitle={Proceedings of the IEEE conference on computer vision and pattern recognition},
  pages={770--778},
  year={2016}
}

@article{huang2016densely,
  title={Densely connected convolutional networks},
  author={Huang, Gao and Liu, Zhuang and Weinberger, Kilian Q and van der Maaten, Laurens},
  journal={arXiv preprint arXiv:1608.06993},
  year={2016}
}

@inproceedings{jegou2017one,
  title={The one hundred layers tiramisu: Fully convolutional densenets for semantic segmentation},
  author={J{\'e}gou, Simon and Drozdzal, Michal and Vazquez, David and Romero, Adriana and Bengio, Yoshua},
  booktitle={Computer Vision and Pattern Recognition Workshops (CVPRW), 2017 IEEE Conference on},
  pages={1175--1183},
  year={2017},
  organization={IEEE}
}

@inproceedings{long2015fully,
  title={Fully convolutional networks for semantic segmentation},
  author={Long, Jonathan and Shelhamer, Evan and Darrell, Trevor},
  booktitle={Proceedings of the IEEE Conference on Computer Vision and Pattern Recognition},
  pages={3431--3440},
  year={2015}
}

@article{cho2014learning,
  title={Learning phrase representations using RNN encoder-decoder for statistical machine translation},
  author={Cho, Kyunghyun and Van Merri{\"e}nboer, Bart and Gulcehre, Caglar and Bahdanau, Dzmitry and Bougares, Fethi and Schwenk, Holger and Bengio, Yoshua},
  journal={arXiv preprint arXiv:1406.1078},
  year={2014}
}

@article{gu2016deep,
  title={Deep reinforcement learning for robotic manipulation},
  author={Gu, Shixiang and Holly, Ethan and Lillicrap, Timothy and Levine, Sergey},
  journal={ArXiv e-prints},
  year={2016}
}

@article{levine2016learning,
  title={Learning hand-eye coordination for robotic grasping with deep learning and large-scale data collection},
  author={Levine, Sergey and Pastor, Peter and Krizhevsky, Alex and Ibarz, Julian and Quillen, Deirdre},
  journal={The International Journal of Robotics Research},
  pages={0278364917710318},
  year={2016},
  publisher={SAGE Publications Sage UK: London, England}
}